@inproceedings{using_others_tests,
    author = {Mujahid, Suhaib \textit{et all}},
	year = {2020},
	month = {Mar.},
	pages = {},
	booktitle = {International Conference on Mining Software Repositories},
	title = {Using Others' Tests to Identify Breaking Updates},
	doi = {10.1145/3379597.3387476}
}

@InProceedings{noregrets2018,
  author =       {Gianluca, Mezzetti and Anders, M\o{}ller and Martin, Toldam Torp},
  title =        {Type Regression Testing to Detect Breaking Changes in {N}ode.js Libraries},
  booktitle =    {Proc. 32nd European Conference on Object-Oriented Programming (ECOOP)},
  address = {Amsterdam, Netherlands},
  pages =	{7:1--7:24},
  year =         {2018},
  month =        {July},
}

@inproceedings{Foo:2018:ESC:3236024.3275535,
 author = {Foo, Darius \textit{et all}},
 title = {Efficient Static Checking of Library Updates},
 booktitle = {Proceedings of the 2018 26th ACM Joint Meeting on European Software Engineering Conference and Symposium on the Foundations of Software Engineering},
 series = {ESEC/FSE 2018},
 year = {2018},
 location = {Lake Buena Vista, FL, USA},
 pages = {791--796},
 numpages = {6},
 acmid = {3275535},
 publisher = {ACM},
 address = {New York, NY, USA},
 keywords = {api diffs, automated remediation, call graphs, library upgrades, semantic versioning},
}

@inproceedings{Zhang:2018:WIL:3242887.3242891,
 author = {Zhang, Yang \textit{et all}},
 title = {Within-ecosystem Issue Linking: A Large-scale Study of Rails},
 booktitle = {Proceedings of the 7th International Workshop on Software Mining},
 series = {SoftwareMining 2018},
 year = {2018},
 location = {Montpellier, France},
 pages = {12--19},
 numpages = {8},
 acmid = {3242891},
 publisher = {ACM},
 address = {New York, NY, USA},
 keywords = {GitHub, Issue linking, Software ecosystem}
}

@article{npm-seven,
	author = {Decan, Alexandre and Mens, Tom and Grosjean, Philippe},
	title = {An Empirical Comparison of Dependency Network Evolution in Seven Software Packaging Ecosystems},
	year = {2019},
	issue_date = {February  2019},
	publisher = {Kluwer Academic Publishers},
	address = {USA},
	volume = {24},
	number = {1},
	issn = {1382-3256},
	journal = {Empirical Software Engineer},
	month = {Feb.},
	pages = {381–416},
	numpages = {36},
	keywords = {Dependency network, Software ecosystem, Package manager, Software repository mining, Software evolution}
}

@INPROCEEDINGS{teorical_reference:semver,
    author={Raemaekers, Steven and van Deursen, Arie and Visser, Joost},
    booktitle={2014 IEEE 14th International Working Conference on Source Code Analysis and Manipulation},
    title={Semantic Versioning versus Breaking Changes: A Study of the Maven Repository},
    year={2014},
    volume={},
    number={},
    pages={215-224},
    keywords={configuration management;software libraries;Maven Repository;library release history;contrast version identifiers;version numbers;semantic versioning principles;deprecation tags;major patch releases;minor patch releases;software libraries;Semantics;Java;Software;Software libraries;Distributed databases;Electronic mail;Semantic versioning;Software libraries},
    month={Sep.}
}

@mastersthesis{teorical_reference:bc_1,
    author = {Michel Kraaijeveld},
    year = {2017},
	month =    {September},
	school = {Dept. Soft. Tech., Delft University of Technology },
	address = {Delft, Netherlands},
    title = {Detecting Breaking Changes in JavaScript APIs},
    url = {http://resolver.tudelft.nl/uuid:56e646dc-d5c7-482b-8326-90e0de4ea419}
}

@INPROCEEDINGS{teorical_reference:bc_2,
    author={Christopher Bogart and Christian Kästner and James Herbsleb},
    booktitle={2015 30th IEEE/ACM International Conference on Automated Software Engineering Workshop (ASEW)},
    title={When It Breaks, It Breaks: How Ecosystem Developers Reason about the Stability of Dependencies},
    year={2015},
    volume={},
    number={},
	address={Lincoln, NE, USA},
    pages={86-89},
    keywords={software engineering;ecosystem developers;software ecosystems;change-based awareness system;Ecosystems;Software;History;Interviews;Stability analysis;Computer science;Planning},
    month={Nov}
}

@inproceedings{teorical_reference:npm_2,
     author = {Decan, Alexandre and Mens, Tom and Claes, Maelick},
     title = {On the Topology of Package Dependency Networks: A Comparison of Three Programming Language Ecosystems},
     booktitle = {Proccedings of the 10th European Conference on Software Architecture Workshops},
     series = {ECSAW '16},
     year = {2016},
     location = {Copenhagen, Denmark},
     pages = {21:1--21:4},
     articleno = {21},
     numpages = {4},
     acmid = {3003382},
     publisher = {ACM},
     address = {New York, NY, USA},
     keywords = {JavaScript, Python, R, component dependency graph, software distribution, software ecosystem},
}

@inproceedings{introduction:npm,
     author = {Chatzidimitriou, Kyriakos C. and Papamichail, Michail D. and Diamantopoulos, Themistoklis and Tsapanos, Michail and Symeonidis, Andreas L.},
     title = {Npm-miner: An Infrastructure for Measuring the Quality of the Npm Registry},
     booktitle = {Proceedings of the 15th International Conference on Mining Software Repositories},
     series = {MSR '18},
     year = {2018},
     location = {Gothenburg, Sweden},
     pages = {42--45},
    address = {Gothenburg, Sweden},
     numpages = {4},
     acmid = {3196465},
     publisher = {ACM},
     keywords = {javascript, npm, software quality, static analysis},
}

@inproceedings{intro:break_change,
    author = {M{\o}ller, Anders and Torp, Martin Toldam},
    title = {Model-based Testing of Breaking Changes in Node.Js Libraries},
    booktitle = {Proceedings of the 2019 27th ACM Joint Meeting on European Software Engineering Conference and Symposium on the Foundations of Software Engineering},
    series = {ESEC/FSE 2019},
    year = {2019},
    isbn = {978-1-4503-5572-8},
    address = {Tallinn, Estonia},
    pages = {409--419},
    numpages = {11},
    acmid = {3338940},
    publisher = {ACM},
    address = {New York, NY, USA},
    keywords = {JavaScript, semantic versioning},
}

@ARTICLE{decan,
    author={Alexandre Decan and Tom Mens},
    journal={IEEE Transactions on Software Engineering},
    title={What do package dependencies tell us about semantic versioning?},
    year={2019},
    month={May},
    volume={},
    number={},
    pages={1-1},
    keywords={Ecosystems;Software;Semantics;Packaging;Libraries;Java;Computer bugs;D.2 Software Engineering;D.2.7 Distribution, Maintenance, and Enhancement;D.2.7.g Maintainability;D.2.7.n Version control;D.2.8 Metrics/Measurement;D.2.13 Reusable Software;D.2.13.b Reusable libraries;D.2.16 Configuration Management;D.2.16.f Software release management and delivery},
    month={}
}

@inproceedings{how_to_break_an_api,
	author = {Bogart, Christopher and K\"{a}stner, Christian and Herbsleb, James and Thung, Ferdian},
	title = {How to Break an API: Cost Negotiation and Community Values in Three Software Ecosystems},
	year = {2016},
	booktitle = {Proceedings of the 2016 24th ACM SIGSOFT International Symposium on Foundations of Software Engineering},
	pages = {109-120},
	numpages = {12},
	keywords = {semantic versioning, Software ecosystems, Collaboration, Dependency management, Qualitative research},
	address = {Seattle, WA, USA},
	series = {FSE 2016}
}

@INPROCEEDINGS{whyandhowluceneremovethiswords,
    author={Aline Brito \textit{et all}},
    booktitle={2018 IEEE 25th International Conference on Software Analysis, Evolution and Reengineering (SANER)},
    title={Why and how Java developers break APIs},
    year={2018},
    address={Campobasso, Mulise, Italy},
    volume={},
    number={},
    pages={255-265},
    keywords={application program interfaces;Java;software libraries;software maintenance;software reusability;API developers;Java developers;modern software development;Java libraries;breaking changes;code reuse;software systems;Libraries;Java;Tools;Electronic mail;Software engineering;Software;API Evolution;Breaking Changes;Field Study},
    month={March}
}

@misc{stack_research,
    title   ={This year in JavaScript: 2018 in review and npm’s predictions for 2019},
    url     ={https://blog.npmjs.org/post/180868064080/this-year-in-javascript-2018-in-review-and-npms},
    year={2018},
    organization={The \textit{npm} Blog},
    urlaccessdate={30 Dez. 2019}
}

@INPROCEEDINGS{automated_pull,
	author={Samim Mirhosseini and Chris Parnin},
	booktitle={2017 32nd IEEE/ACM International Conference on Automated Software Engineering (ASE)}, 
	title={Can automated pull requests encourage software developers to upgrade out-of-date dependencies?}, 
	year={2017},
	month={Oct.},
	volume={},
	number={},
	pages={84-94},
	address={Urbana-Champaign, Illinois}
}

@inproceedings{automating_detecting_third-part_java_migration,
	author = {Alrubaye, Hussein and Mkaouer, Mohamed Wiem},
	title = {Automating the Detection of Third-Party Java Library Migration at the Function Level},
	year = {2018},
	booktitle = {Proceedings of the 28th Annual International Conference on Computer Science and Software Engineering},
	pages = {60-71},
	numpages = {12},
	address = {Markham, Ontario, Canada},
	series = {CASCON ’18},
	month={Oct.},
}

@mastersthesis{js-linters,
	author={Kristin Fjola Tómasdóttir and Maurício Aniche and Arie van Deursen},
	booktitle={2017 32nd IEEE/ACM International Conference on Automated Software Engineering (ASE)},
	title={Why and how JavaScript developers use linters},
	year={2017},
	month={Aug.},
	school = {Dept. Soft. Tech., Delft University of Technology },
	address = {Delft, Netherlands}
}

@article{js-linters2,
	author = {Kristin Fjola Tómasdóttir and Maurício Aniche and Arie van Deursen},
	year = {2018},
	month = {09},
	pages = {1-1},
	title = {The Adoption of JavaScript Linters in Practice: A Case Study on ESLint},
	volume = {PP},
	journal = {IEEE Transactions on Software Engineering}
}

@inproceedings{change_contracts,
	author = {Yi, Jooyong \textit{et all}},
	title = {Expressing and Checking Intended Changes via Software Change Contracts},
	year = {2013},
	month = {Jul.},
	booktitle = {Proceedings of the 2013 International Symposium on Software Testing and Analysis},
	pages = {1-11},
	numpages = {11},
	keywords = {Dynamic checking, Test repair, Software changes, Test generation},
	address = {Lugano, Switzerland},
	series = {ISSTA 2013}
}